@STRING{aa	= "Astron.\ Astrophys." }
@STRING{aap	= "Astron.\ and Astrophys." }
@STRING{anph	= "Ann.\ Phys." }
@STRING{apj	= "Astrophys.\ J." }
@STRING{apjlet	= "Astrophys.\ J.\ Letters" }
@STRING{apjl	= "Astrophys.\ J.\ Letters" }
@STRING{cmp	= "Commun.\ Math.\ Phys." }
@STRING{cqg	= "Class.\ Quantum Grav." }
@STRING{grg	= "Gen.\ Relativ.\ Gravit." }
@STRING{jcp	= "J.\ Comput.\ Phys." }
@STRING{jmp	= "J.\ Math.\ Phys." }
@STRING{mnras	= "MNRAS" }
@STRING{mnrasl	= "MNRAS\ Lett." }
@STRING{nat	= "Nature" }
@STRING{physlet	= "Phys.\ Lett." }
@STRING{pr	= "Phys.\ Rev." }
@STRING{prc	= "Phys.\ Rev.\ C" }
@STRING{prd	= "Phys.\ Rev.\ D" }
@STRING{prl	= "Phys.\ Rev.\ Lett." }
@STRING{rmp	= "Rev.\ Mod.\ Phys." }


@Article{	  packet:81,
  author	= "W. {Packet}",
  title		= "{On the spin-up of the mass accreting component in a close
		  binary system}",
  journal	= "\aap",
  keywords	= "Binary Stars, Momentum Transfer, Stellar Evolution,
		  Stellar Mass Accretion, Angular Momentum, Angular Velocity,
		  Critical Velocity, Stellar Rotation",
  year		= "1981",
  month		= sep,
  volume	= "102",
  pages		= "17--19",
  adsurl	= "http://adsabs.harvard.edu/abs/1981A%26A...102...17P",
  adsnote	= "Provided by the SAO/NASA Astrophysics Data System"
}


@Article{	  neo:77,
  author	= "S. {Neo} and S. {Miyaji} and K. {Nomoto} and D.
		  {Sugimoto}",
  title		= "{Effect of Rapid Mass Accretion onto the Main-Sequence
		  Stars}",
  journal	= "\pasj",
  year		= "1977",
  volume	= "29",
  pages		= "249--262",
  adsurl	= "http://adsabs.harvard.edu/abs/1977PASJ...29..249N",
  adsnote	= "Provided by the SAO/NASA Astrophysics Data System"
}

@Article{	  kippenhahn:67,
  author	= "R. {Kippenhahn} and A. {Weigert}",
  title		= "{Entwicklung in engen Doppelsternsystemen I.
		  Massenaustausch vor und nach Beendigung des zentralen
		  Wasserstoff-Brennens}",
  journal	= "\zap",
  year		= "1967",
  volume	= "65",
  pages		= "251",
  adsurl	= "http://adsabs.harvard.edu/abs/1967ZA.....65..251K",
  adsnote	= "Provided by the SAO/NASA Astrophysics Data System"
}

@ARTICLE{wagg:24,
       author = {{Wagg}, Tom and {Johnston}, Cole and {Bellinger}, Earl P. and {Renzo}, Mathieu and {Townsend}, Richard and {de Mink}, Selma E.},
        title = "{The asteroseismic imprints of mass transfer. A case study of a binary mass-gainer in the SPB instability strip}",
      journal = {\aap},
     keywords = {binaries: close, stars: evolution, Hertzsprung-Russell and C-M diagrams, stars: interiors, stars: oscillations, Astrophysics - Solar and Stellar Astrophysics},
         year = 2024,
        month = jul,
       volume = {687},
          eid = {A222},
        pages = {A222},
          doi = {10.1051/0004-6361/202449912},
archivePrefix = {arXiv},
       eprint = {2403.05627},
 primaryClass = {astro-ph.SR},
       adsurl = {https://ui.adsabs.harvard.edu/abs/2024A&A...687A.222W},
      adsnote = {Provided by the SAO/NASA Astrophysics Data System}
}


@ARTICLE{renzo:23,
       author = {{Renzo}, M. and {Zapartas}, E. and {Justham}, S. and {Breivik}, K. and {Lau}, M. and {Farmer}, R. and {Cantiello}, M. and {Metzger}, B.~D.},
        title = "{Rejuvenated Accretors Have Less Bound Envelopes: Impact of Roche Lobe Overflow on Subsequent Common Envelope Events}",
      journal = {\apjl},
     keywords = {Binary stars, Common envelope binary stars, Roche lobe overflow, 154, 2156, 2155, Astrophysics - Solar and Stellar Astrophysics, Astrophysics - High Energy Astrophysical Phenomena},
         year = 2023,
        month = jan,
       volume = {942},
       number = {2},
          eid = {L32},
        pages = {L32},
          doi = {10.3847/2041-8213/aca4d3},
archivePrefix = {arXiv},
       eprint = {2206.15338},
 primaryClass = {astro-ph.SR},
       adsurl = {https://ui.adsabs.harvard.edu/abs/2023ApJ...942L..32R},
      adsnote = {Provided by the SAO/NASA Astrophysics Data System}
}


@INPROCEEDINGS{demink:08,
       author = {{de Mink}, S.~E. and {Pols}, O.~R. and {Yoon}, S. -C.},
        title = "{Binaries at Low Metallicity: Ranges For Case A, B and C Mass Transfer}",
     keywords = {97.20.Tr, 97.10.Xq, 97.10.Cv, 97.10.Bt, 97.80.-d, Population II stars, Luminosity and mass functions, Stellar structure interiors evolution nucleosynthesis ages, Star formation, Binary and multiple stars, Astrophysics},
    booktitle = {First Stars III},
         year = 2008,
       editor = {{O'Shea}, Brian W. and {Heger}, Alexander},
       series = {American Institute of Physics Conference Series},
       volume = {990},
        month = mar,
    publisher = {AIP},
        pages = {230-232},
          doi = {10.1063/1.2905549},
archivePrefix = {arXiv},
       eprint = {0710.1010},
 primaryClass = {astro-ph},
       adsurl = {https://ui.adsabs.harvard.edu/abs/2008AIPC..990..230D},
      adsnote = {Provided by the SAO/NASA Astrophysics Data System}
}


@ARTICLE{vandenheuvel:69,
       author = {{van den Heuvel}, E.~P.~J.},
        title = "{The Expected Fraction of Evolved Close Binaries among Main-Sequence Stars of Spectral Type Earlier than A5}",
      journal = {\aj},
         year = 1969,
        month = nov,
       volume = {74},
        pages = {1095},
          doi = {10.1086/110909},
       adsurl = {https://ui.adsabs.harvard.edu/abs/1969AJ.....74.1095V},
      adsnote = {Provided by the SAO/NASA Astrophysics Data System}
}


@Article{	  brott:11,
  author	= "I. {Brott} and S.~E. {de Mink} and M. {Cantiello} and N.
		  {Langer} and A. {de Koter} and C.~J. {Evans} and I.
		  {Hunter} and C. {Trundle} and J.~S. {Vink}",
  title		= "{Rotating massive main-sequence stars. I. Grids of
		  evolutionary models and isochrones}",
  journal	= "\aap",
  archiveprefix	= "arXiv",
  eprint	= "1102.0530",
  primaryclass	= "astro-ph.SR",
  keywords	= "stars: abundances, stars: evolution, stars: early-type,
		  stars: rotation, stars: massive",
  year		= "2011",
  month		= jun,
  volume	= "530",
  eid		= "A115",
  pages		= "A115",
  doi		= "10.1051/0004-6361/201016113",
  adsurl	= "http://adsabs.harvard.edu/abs/2011A%26A...530A.115B",
  adsnote	= "Provided by the SAO/NASA Astrophysics Data System"
}


@ARTICLE{johnston:24,
       author = {{Johnston}, Cole and {Michielsen}, Mathias and {Anders}, Evan H. and {Renzo}, Mathieu and {Cantiello}, Matteo and {Marchant}, P. and {Goldberg}, Jared A. and {Townsend}, Richard H.~D. and {Sabhahit}, Gautham and {Jermyn}, Adam S.},
        title = "{Modelling Time-dependent Convective Penetration in 1D Stellar Evolution}",
      journal = {\apj},
     keywords = {Stellar evolution, Stellar convective zones, Stellar structures, Stellar interiors, 1599, 301, 1631, 1606, Astrophysics - Solar and Stellar Astrophysics},
         year = 2024,
        month = apr,
       volume = {964},
       number = {2},
          eid = {170},
        pages = {170},
          doi = {10.3847/1538-4357/ad2343},
archivePrefix = {arXiv},
       eprint = {2312.08315},
 primaryClass = {astro-ph.SR},
       adsurl = {https://ui.adsabs.harvard.edu/abs/2024ApJ...964..170J},
      adsnote = {Provided by the SAO/NASA Astrophysics Data System}
}


@ARTICLE{landri:24,
       author = {{Landri}, C. and {Ricker}, P.~M. and {Renzo}, M. and {Rau}, S. and {Vigna-G{\'o}mez}, A.},
        title = "{The Effect of Donor Star Rejuvenation on Common Envelope Evolution}",
      journal = {arXiv e-prints},
     keywords = {Astrophysics - Solar and Stellar Astrophysics, Astrophysics - High Energy Astrophysical Phenomena},
         year = 2024,
        month = jul,
          eid = {arXiv:2407.15932},
        pages = {arXiv:2407.15932},
          doi = {10.48550/arXiv.2407.15932},
archivePrefix = {arXiv},
       eprint = {2407.15932},
 primaryClass = {astro-ph.SR},
       adsurl = {https://ui.adsabs.harvard.edu/abs/2024arXiv240715932L},
      adsnote = {Provided by the SAO/NASA Astrophysics Data System}
}


@ARTICLE{nathaniel:24,
       author = {{Nathaniel}, K. and {Vigna-G{\'o}mez}, A. and {Grichener}, A. and {Farmer}, R. and {Renzo}, M. and {Everson}, R.~W.},
        title = "{Population synthesis of Thorne-{\.Z}ytkow objects: Rejuvenated donors and unexplored progenitors in the common envelope formation channel}",
      journal = {arXiv e-prints},
     keywords = {Astrophysics - Solar and Stellar Astrophysics, Astrophysics - Astrophysics of Galaxies, Astrophysics - High Energy Astrophysical Phenomena},
         year = 2024,
        month = jul,
          eid = {arXiv:2407.11680},
        pages = {arXiv:2407.11680},
          doi = {10.48550/arXiv.2407.11680},
archivePrefix = {arXiv},
       eprint = {2407.11680},
 primaryClass = {astro-ph.SR},
       adsurl = {https://ui.adsabs.harvard.edu/abs/2024arXiv240711680N},
      adsnote = {Provided by the SAO/NASA Astrophysics Data System}
}


@Article{	  braun:95,
  author	= "H. {Braun} and N. {Langer}",
  title		= "{Effects of accretion onto massive main sequence stars.}",
  journal	= "\aap",
  keywords	= "STARS: EARLY-TYPE, STARS: EVOLUTION, STARS: BINARIES:
		  CLOSE, CONVECTION, ACCRETION",
  year		= "1995",
  month		= may,
  volume	= "297",
  pages		= "483",
  adsurl	= "http://adsabs.harvard.edu/abs/1995A%26A...297..483B",
  adsnote	= "Provided by the SAO/NASA Astrophysics Data System"
}



@ARTICLE{claret:18,
       author = {{Claret}, Antonio and {Torres}, Guillermo},
        title = "{The Dependence of Convective Core Overshooting on Stellar Mass: Additional Binary Systems and Improved Calibration}",
      journal = {\apj},
     keywords = {binaries: eclipsing, convection, stars: evolution, stars: fundamental parameters, stars: interiors, Astrophysics - Solar and Stellar Astrophysics},
         year = 2018,
        month = jun,
       volume = {859},
       number = {2},
          eid = {100},
        pages = {100},
          doi = {10.3847/1538-4357/aabd35},
archivePrefix = {arXiv},
       eprint = {1804.03148},
 primaryClass = {astro-ph.SR},
       adsurl = {https://ui.adsabs.harvard.edu/abs/2018ApJ...859..100C},
      adsnote = {Provided by the SAO/NASA Astrophysics Data System}
}


@ARTICLE{sabhahit:24,
       author = {{Sabhahit}, Gautham N. and {Vink}, Jorick S.},
        title = "{Stellar Expansion or Inflation?}",
      journal = {arXiv e-prints},
     keywords = {Astrophysics - Solar and Stellar Astrophysics, Astrophysics - Astrophysics of Galaxies, Astrophysics - High Energy Astrophysical Phenomena},
         year = 2024,
        month = oct,
          eid = {arXiv:2410.22403},
        pages = {arXiv:2410.22403},
          doi = {10.48550/arXiv.2410.22403},
archivePrefix = {arXiv},
       eprint = {2410.22403},
 primaryClass = {astro-ph.SR},
       adsurl = {https://ui.adsabs.harvard.edu/abs/2024arXiv241022403S},
      adsnote = {Provided by the SAO/NASA Astrophysics Data System}
}

@ARTICLE{sanyal:15,
       author = {{Sanyal}, D. and {Grassitelli}, L. and {Langer}, N. and {Bestenlehner}, J.~M.},
        title = "{Massive main-sequence stars evolving at the Eddington limit}",
      journal = {\aap},
     keywords = {stars: evolution, stars: interiors, stars: massive, stars: mass-loss, Astrophysics - Solar and Stellar Astrophysics},
         year = 2015,
        month = aug,
       volume = {580},
          eid = {A20},
        pages = {A20},
          doi = {10.1051/0004-6361/201525945},
archivePrefix = {arXiv},
       eprint = {1506.02997},
 primaryClass = {astro-ph.SR},
       adsurl = {https://ui.adsabs.harvard.edu/abs/2015A&A...580A..20S},
      adsnote = {Provided by the SAO/NASA Astrophysics Data System}
}


@Article{	  jiang:15,
  author	= {{Jiang}, Yan-Fei and {Cantiello}, Matteo and {Bildsten},
		  Lars and {Quataert}, Eliot and {Blaes}, Omer},
  title		= "{Local Radiation Hydrodynamic Simulations of Massive Star
		  Envelopes at the Iron Opacity Peak}",
  journal	= {\apj},
  keywords	= {hydrodynamics, methods: numerical, radiative transfer,
		  stars: massive, Astrophysics - Solar and Stellar
		  Astrophysics},
  year		= 2015,
  month		= nov,
  volume	= 813,
  number	= 1,
  eid		= 74,
  pages		= 74,
  doi		= {10.1088/0004-637X/813/1/74},
  archiveprefix	= {arXiv},
  eprint	= {1509.05417},
  primaryclass	= {astro-ph.SR},
  adsurl	= {https://ui.adsabs.harvard.edu/abs/2015ApJ...813...74J},
  adsnote	= {Provided by the SAO/NASA Astrophysics Data System}
}


@ARTICLE{josiek:24,
       author = {{Josiek}, J. and {Ekstr{\"o}m}, S. and {Sander}, A.~A.~C.},
        title = "{Impact of main sequence mass loss on the appearance, structure, and evolution of Wolf-Rayet stars}",
      journal = {\aap},
     keywords = {stars: evolution, stars: massive, stars: mass-loss, stars: Wolf-Rayet, Astrophysics - Solar and Stellar Astrophysics, Astrophysics - Astrophysics of Galaxies},
         year = 2024,
        month = aug,
       volume = {688},
          eid = {A71},
        pages = {A71},
          doi = {10.1051/0004-6361/202449281},
archivePrefix = {arXiv},
       eprint = {2404.14488},
 primaryClass = {astro-ph.SR},
       adsurl = {https://ui.adsabs.harvard.edu/abs/2024A&A...688A..71J},
      adsnote = {Provided by the SAO/NASA Astrophysics Data System}
}


@ARTICLE{xin:22,
       author = {{Xin}, Chengcheng and {Renzo}, Mathieu and {Metzger}, Brian D.},
        title = "{Dissecting the microphysics behind the metallicity-dependence of massive stars radii}",
      journal = {\mnras},
     keywords = {stars: evolution, stars: massive, Astrophysics - Solar and Stellar Astrophysics, Astrophysics - Astrophysics of Galaxies},
         year = 2022,
        month = nov,
       volume = 516,
       number = 4,
        pages = {5816-5831},
          doi = {10.1093/mnras/stac2551},
archivePrefix = {arXiv},
       eprint = {2206.11316},
 primaryClass = {astro-ph.SR},
       adsurl = {https://ui.adsabs.harvard.edu/abs/2022MNRAS.516.5816X},
      adsnote = {Provided by the SAO/NASA Astrophysics Data System}
}


@ARTICLE{johnston:24,
       author = {{Johnston}, Cole and {Michielsen}, Mathias and {Anders}, Evan H. and {Renzo}, Mathieu and {Cantiello}, Matteo and {Marchant}, P. and {Goldberg}, Jared A. and {Townsend}, Richard H.~D. and {Sabhahit}, Gautham and {Jermyn}, Adam S.},
        title = "{Modelling Time-dependent Convective Penetration in 1D Stellar Evolution}",
      journal = {\apj},
     keywords = {Stellar evolution, Stellar convective zones, Stellar structures, Stellar interiors, 1599, 301, 1631, 1606, Astrophysics - Solar and Stellar Astrophysics},
         year = 2024,
        month = apr,
       volume = {964},
       number = {2},
          eid = {170},
        pages = {170},
          doi = {10.3847/1538-4357/ad2343},
archivePrefix = {arXiv},
       eprint = {2312.08315},
 primaryClass = {astro-ph.SR},
       adsurl = {https://ui.adsabs.harvard.edu/abs/2024ApJ...964..170J},
      adsnote = {Provided by the SAO/NASA Astrophysics Data System}
}


@ARTICLE{anders:23,
       author = {{Anders}, Evan H. and {Pedersen}, May G.},
        title = "{Convective Boundary Mixing in Main-Sequence Stars: Theory and Empirical Constraints}",
      journal = {Galaxies},
     keywords = {stellar evolution (1599), stellar evolutionary models (2046), stellar convection zones (301), stellar cores (1592), hydrodynamical simulations (767), star clusters (1567), apsidal motion (62), asteroseismology (73), stellar oscillations (1617), binary stars (154), Astrophysics - Solar and Stellar Astrophysics, Physics - Fluid Dynamics},
         year = 2023,
        month = apr,
       volume = {11},
       number = {2},
          eid = {56},
        pages = {56},
          doi = {10.3390/galaxies11020056},
archivePrefix = {arXiv},
       eprint = {2303.12099},
 primaryClass = {astro-ph.SR},
       adsurl = {https://ui.adsabs.harvard.edu/abs/2023Galax..11...56A},
      adsnote = {Provided by the SAO/NASA Astrophysics Data System}
}


@ARTICLE{renzo:17,
       author = {{Renzo}, M. and {Ott}, C.~D. and {Shore}, S.~N. and {de Mink}, S.~E.},
        title = "{Systematic survey of the effects of wind mass loss algorithms on the evolution of single massive stars}",
      journal = {\aap},
     keywords = {stars: evolution, stars: massive, stars: mass-loss, stars: winds, outflows, supernovae: general, Astrophysics - Solar and Stellar Astrophysics},
         year = 2017,
        month = jul,
       volume = {603},
          eid = {A118},
        pages = {A118},
          doi = {10.1051/0004-6361/201730698},
archivePrefix = {arXiv},
       eprint = {1703.09705},
 primaryClass = {astro-ph.SR},
       adsurl = {https://ui.adsabs.harvard.edu/abs/2017A&A...603A.118R},
      adsnote = {Provided by the SAO/NASA Astrophysics Data System}
}



@ARTICLE{paxton:11,
       author = {{Paxton}, Bill and {Bildsten}, Lars and {Dotter}, Aaron and {Herwig}, Falk and {Lesaffre}, Pierre and {Timmes}, Frank},
        title = "{Modules for Experiments in Stellar Astrophysics (MESA)}",
      journal = {\apjs},
     keywords = {methods: numerical, stars: evolution, stars: general, Astrophysics - Solar and Stellar Astrophysics, Astrophysics - Instrumentation and Methods for Astrophysics},
         year = 2011,
        month = jan,
       volume = {192},
       number = {1},
          eid = {3},
        pages = {3},
          doi = {10.1088/0067-0049/192/1/3},
archivePrefix = {arXiv},
       eprint = {1009.1622},
 primaryClass = {astro-ph.SR},
       adsurl = {https://ui.adsabs.harvard.edu/abs/2011ApJS..192....3P},
      adsnote = {Provided by the SAO/NASA Astrophysics Data System}
}
@ARTICLE{paxton:13,
       author = {{Paxton}, Bill and {Cantiello}, Matteo and {Arras}, Phil and {Bildsten}, Lars and {Brown}, Edward F. and {Dotter}, Aaron and {Mankovich}, Christopher and {Montgomery}, M.~H. and {Stello}, Dennis and {Timmes}, F.~X. and {Townsend}, Richard},
        title = "{Modules for Experiments in Stellar Astrophysics (MESA): Planets, Oscillations, Rotation, and Massive Stars}",
      journal = {\apjs},
     keywords = {asteroseismology, methods: numerical, planets and satellites: physical evolution, stars: evolution, stars: massive, stars: rotation, Astrophysics - Solar and Stellar Astrophysics, Astrophysics - Instrumentation and Methods for Astrophysics},
         year = 2013,
        month = sep,
       volume = {208},
       number = {1},
          eid = {4},
        pages = {4},
          doi = {10.1088/0067-0049/208/1/4},
archivePrefix = {arXiv},
       eprint = {1301.0319},
 primaryClass = {astro-ph.SR},
       adsurl = {https://ui.adsabs.harvard.edu/abs/2013ApJS..208....4P},
      adsnote = {Provided by the SAO/NASA Astrophysics Data System}
}
@ARTICLE{paxton:15,
       author = {{Paxton}, Bill and {Marchant}, Pablo and {Schwab}, Josiah and {Bauer}, Evan B. and {Bildsten}, Lars and {Cantiello}, Matteo and {Dessart}, Luc and {Farmer}, R. and {Hu}, H. and {Langer}, N. and {Townsend}, R.~H.~D. and {Townsley}, Dean M. and {Timmes}, F.~X.},
        title = "{Modules for Experiments in Stellar Astrophysics (MESA): Binaries, Pulsations, and Explosions}",
      journal = {\apjs},
     keywords = {binaries: general, methods: numerical, nuclear reactions, nucleosynthesis, abundances, shock waves, stars: evolution, stars: oscillations, Astrophysics - Solar and Stellar Astrophysics},
         year = 2015,
        month = sep,
       volume = {220},
       number = {1},
          eid = {15},
        pages = {15},
          doi = {10.1088/0067-0049/220/1/15},
archivePrefix = {arXiv},
       eprint = {1506.03146},
 primaryClass = {astro-ph.SR},
       adsurl = {https://ui.adsabs.harvard.edu/abs/2015ApJS..220...15P},
      adsnote = {Provided by the SAO/NASA Astrophysics Data System}
}
@ARTICLE{paxton:18,
       author = {{Paxton}, Bill and {Schwab}, Josiah and {Bauer}, Evan B. and {Bildsten}, Lars and {Blinnikov}, Sergei and {Duffell}, Paul and {Farmer}, R. and {Goldberg}, Jared A. and {Marchant}, Pablo and {Sorokina}, Elena and {Thoul}, Anne and {Townsend}, Richard H.~D. and {Timmes}, F.~X.},
        title = "{Modules for Experiments in Stellar Astrophysics (MESA): Convective Boundaries, Element Diffusion, and Massive Star Explosions}",
      journal = {\apjs},
     keywords = {convection, diffusion, hydrodynamics, methods: numerical, stars: evolution, supernovae: general, Astrophysics - Solar and Stellar Astrophysics, Astrophysics - High Energy Astrophysical Phenomena},
         year = 2018,
        month = feb,
       volume = {234},
       number = {2},
          eid = {34},
        pages = {34},
          doi = {10.3847/1538-4365/aaa5a8},
archivePrefix = {arXiv},
       eprint = {1710.08424},
 primaryClass = {astro-ph.SR},
       adsurl = {https://ui.adsabs.harvard.edu/abs/2018ApJS..234...34P},
      adsnote = {Provided by the SAO/NASA Astrophysics Data System}
}
@ARTICLE{paxton:19,
       author = {{Paxton}, Bill and {Smolec}, R. and {Schwab}, Josiah and {Gautschy}, A. and {Bildsten}, Lars and {Cantiello}, Matteo and {Dotter}, Aaron and {Farmer}, R. and {Goldberg}, Jared A. and {Jermyn}, Adam S. and {Kanbur}, S.~M. and {Marchant}, Pablo and {Thoul}, Anne and {Townsend}, Richard H.~D. and {Wolf}, William M. and {Zhang}, Michael and {Timmes}, F.~X.},
        title = "{Modules for Experiments in Stellar Astrophysics (MESA): Pulsating Variable Stars, Rotation, Convective Boundaries, and Energy Conservation}",
      journal = {\apjs},
     keywords = {stars: evolution, stars: general, stars: interiors, stars: oscillations:  including pulsations, stars: rotation, stars: variables: general, Astrophysics - Solar and Stellar Astrophysics},
         year = 2019,
        month = jul,
       volume = {243},
       number = {1},
          eid = {10},
        pages = {10},
          doi = {10.3847/1538-4365/ab2241},
archivePrefix = {arXiv},
       eprint = {1903.01426},
 primaryClass = {astro-ph.SR},
       adsurl = {https://ui.adsabs.harvard.edu/abs/2019ApJS..243...10P},
      adsnote = {Provided by the SAO/NASA Astrophysics Data System}
}
@ARTICLE{jermyn:23,
       author = {{Jermyn}, Adam S. and {Bauer}, Evan B. and {Schwab}, Josiah and {Farmer}, R. and {Ball}, Warrick H. and {Bellinger}, Earl P. and {Dotter}, Aaron and {Joyce}, Meridith and {Marchant}, Pablo and {Mombarg}, Joey S.~G. and {Wolf}, William M. and {Sunny Wong}, Tin Long and {Cinquegrana}, Giulia C. and {Farrell}, Eoin and {Smolec}, R. and {Thoul}, Anne and {Cantiello}, Matteo and {Herwig}, Falk and {Toloza}, Odette and {Bildsten}, Lars and {Townsend}, Richard H.~D. and {Timmes}, F.~X.},
        title = "{Modules for Experiments in Stellar Astrophysics (MESA): Time-dependent Convection, Energy Conservation, Automatic Differentiation, and Infrastructure}",
      journal = {\apjs},
     keywords = {Stellar physics, Stellar evolution, Stellar evolutionary models, Computational methods, 1621, 1599, 2046, 1965, Astrophysics - Solar and Stellar Astrophysics, Astrophysics - Earth and Planetary Astrophysics, Astrophysics - High Energy Astrophysical Phenomena, Astrophysics - Instrumentation and Methods for Astrophysics},
         year = 2023,
        month = mar,
       volume = {265},
       number = {1},
          eid = {15},
        pages = {15},
          doi = {10.3847/1538-4365/acae8d},
archivePrefix = {arXiv},
       eprint = {2208.03651},
 primaryClass = {astro-ph.SR},
       adsurl = {https://ui.adsabs.harvard.edu/abs/2023ApJS..265...15J},
      adsnote = {Provided by the SAO/NASA Astrophysics Data System}
}


@ARTICLE{hurley:00,
       author = {{Hurley}, Jarrod R. and {Pols}, Onno R. and {Tout}, Christopher A.},
        title = "{Comprehensive analytic formulae for stellar evolution as a function of mass and metallicity}",
      journal = {\mnras},
     keywords = {METHODS: ANALYTICAL, STARS: EVOLUTION, STARS: FUNDAMENTAL PARAMETERS, STARS: MASS-LOSS, STARS: POPULATION II, GALAXIES: STELLAR CONTENT, Astrophysics},
         year = 2000,
        month = jul,
       volume = {315},
       number = {3},
        pages = {543-569},
          doi = {10.1046/j.1365-8711.2000.03426.x},
archivePrefix = {arXiv},
       eprint = {astro-ph/0001295},
 primaryClass = {astro-ph},
       adsurl = {https://ui.adsabs.harvard.edu/abs/2000MNRAS.315..543H},
      adsnote = {Provided by the SAO/NASA Astrophysics Data System}
}

@ARTICLE{pols:98,
       author = {{Pols}, Onno R. and {Schr{\"o}der}, Klaus-Peter and {Hurley}, Jarrod R. and {Tout}, Christopher A. and {Eggleton}, Peter P.},
        title = "{Stellar evolution models for Z = 0.0001 to 0.03}",
      journal = {\mnras},
     keywords = {CONVECTION, STARS: EVOLUTION, HERTZSPRUNG-RUSSELL (HR) DIAGRAM, STARS: POPULATION II, OPEN CLUSTERS AND ASSOCIATIONS: GENERAL, GALAXIES: STELLAR CONTENT},
         year = 1998,
        month = aug,
       volume = {298},
       number = {2},
        pages = {525-536},
          doi = {10.1046/j.1365-8711.1998.01658.x},
       adsurl = {https://ui.adsabs.harvard.edu/abs/1998MNRAS.298..525P},
      adsnote = {Provided by the SAO/NASA Astrophysics Data System}
}


@ARTICLE{riley:22,
       author = {{Riley}, Jeff and {Agrawal}, Poojan and {Barrett}, Jim W. and {Boyett}, Kristan N.~K. and {Broekgaarden}, Floor S. and {Chattopadhyay}, Debatri and {Gaebel}, Sebastian M. and {Gittins}, Fabian and {Hirai}, Ryosuke and {Howitt}, George and {Justham}, Stephen and {Khandelwal}, Lokesh and {Kummer}, Floris and {Lau}, Mike Y.~M. and {Mandel}, Ilya and {de Mink}, Selma E. and {Neijssel}, Coenraad and {Riley}, Tim and {van Son}, Lieke and {Stevenson}, Simon and {Vigna-G{\'o}mez}, Alejandro and {Vinciguerra}, Serena and {Wagg}, Tom and {Willcox}, Reinhold and {Team Compas}},
        title = "{Rapid Stellar and Binary Population Synthesis with COMPAS}",
      journal = {\apjs},
     keywords = {1622, 154, 1108, 162, Astrophysics - Instrumentation and Methods for Astrophysics, Astrophysics - High Energy Astrophysical Phenomena, Astrophysics - Solar and Stellar Astrophysics},
         year = 2022,
        month = feb,
       volume = {258},
       number = {2},
          eid = {34},
        pages = {34},
          doi = {10.3847/1538-4365/ac416c},
archivePrefix = {arXiv},
       eprint = {2109.10352},
 primaryClass = {astro-ph.IM},
       adsurl = {https://ui.adsabs.harvard.edu/abs/2022ApJS..258...34R},
      adsnote = {Provided by the SAO/NASA Astrophysics Data System}
}


@ARTICLE{stevenson:17,
       author = {{Stevenson}, Simon and {Vigna-G{\'o}mez}, Alejandro and {Mandel}, Ilya and {Barrett}, Jim W. and {Neijssel}, Coenraad J. and {Perkins}, David and {de Mink}, Selma E.},
        title = "{Formation of the first three gravitational-wave observations through isolated binary evolution}",
      journal = {Nature Communications},
     keywords = {Astrophysics - High Energy Astrophysical Phenomena, General Relativity and Quantum Cosmology},
         year = 2017,
        month = apr,
       volume = {8},
          eid = {14906},
        pages = {14906},
          doi = {10.1038/ncomms14906},
archivePrefix = {arXiv},
       eprint = {1704.01352},
 primaryClass = {astro-ph.HE},
       adsurl = {https://ui.adsabs.harvard.edu/abs/2017NatCo...814906S},
      adsnote = {Provided by the SAO/NASA Astrophysics Data System}
}


@ARTICLE{vignagomez:18,
       author = {{Vigna-G{\'o}mez}, Alejandro and {Neijssel}, Coenraad J. and {Stevenson}, Simon and {Barrett}, Jim W. and {Belczynski}, Krzysztof and {Justham}, Stephen and {de Mink}, Selma E. and {M{\"u}ller}, Bernhard and {Podsiadlowski}, Philipp and {Renzo}, Mathieu and {Sz{\'e}csi}, Dorottya and {Mandel}, Ilya},
        title = "{On the formation history of Galactic double neutron stars}",
      journal = {\mnras},
     keywords = {binaries: general, stars: neutron, pulsars: general, Astrophysics - Solar and Stellar Astrophysics, Astrophysics - High Energy Astrophysical Phenomena},
         year = 2018,
        month = dec,
       volume = {481},
       number = {3},
        pages = {4009-4029},
          doi = {10.1093/mnras/sty2463},
archivePrefix = {arXiv},
       eprint = {1805.07974},
 primaryClass = {astro-ph.SR},
       adsurl = {https://ui.adsabs.harvard.edu/abs/2018MNRAS.481.4009V},
      adsnote = {Provided by the SAO/NASA Astrophysics Data System}
}


@ARTICLE{grichener:23,
       author = {{Grichener}, Aldana},
        title = "{Mergers of neutron stars and black holes with cores of giant stars: a population synthesis study}",
      journal = {\mnras},
     keywords = {methods: numerical, binaries: general, stars: black holes, stars: massive, stars: neutron, Astrophysics - High Energy Astrophysical Phenomena, Astrophysics - Solar and Stellar Astrophysics},
         year = 2023,
        month = jul,
       volume = {523},
       number = {1},
        pages = {221-232},
          doi = {10.1093/mnras/stad1449},
archivePrefix = {arXiv},
       eprint = {2302.06663},
 primaryClass = {astro-ph.HE},
       adsurl = {https://ui.adsabs.harvard.edu/abs/2023MNRAS.523..221G},
      adsnote = {Provided by the SAO/NASA Astrophysics Data System}
}


@ARTICLE{nuijten:24,
       author = {{Nuijten}, Marit and {Nelemans}, Gijs},
        title = "{WR + O binaries as probes of the first phase of mass transfer}",
      journal = {arXiv e-prints},
     keywords = {Astrophysics - Solar and Stellar Astrophysics, Astrophysics - High Energy Astrophysical Phenomena},
         year = 2024,
        month = dec,
          eid = {arXiv:2412.00938},
        pages = {arXiv:2412.00938},
          doi = {10.48550/arXiv.2412.00938},
archivePrefix = {arXiv},
       eprint = {2412.00938},
 primaryClass = {astro-ph.SR},
       adsurl = {https://ui.adsabs.harvard.edu/abs/2024arXiv241200938N},
      adsnote = {Provided by the SAO/NASA Astrophysics Data System}
}


@ARTICLE{eggleton:83,
       author = {{Eggleton}, P.~P.},
        title = "{Aproximations to the radii of Roche lobes.}",
      journal = {\apj},
     keywords = {Binary Stars, Celestial Mechanics, Orbital Elements, Roche Limit, Mass Ratios, Radii, Astrophysics},
         year = 1983,
        month = may,
       volume = {268},
        pages = {368-369},
          doi = {10.1086/160960},
       adsurl = {https://ui.adsabs.harvard.edu/abs/1983ApJ...268..368E},
      adsnote = {Provided by the SAO/NASA Astrophysics Data System}
}
